@unpublished{Watson:2001,
  editor = {Lee Spector},
    title = {Coevolutionary Dynamics in a Minimal Substrate},
  author = {Richard A. Watson and Jordan B. Pollack},
    year = {2001},
    pages = {702--709},
  journal = {Proceedings of the Genetic and Evolutionary Computation Conference (GECCO 2001)},
      url = {https://eprints.soton.ac.uk/262011/},
}

@article{Cartlidge:2004,
          volume = {12},
          number = {2},
           title = {Combating coevolutionary disengagement by reducing parasite virulence},
          author = {John Cartlidge and Seth Bullock},
            year = {2004},
           pages = {193--222},
         journal = {Evolutionary Computation},
             url = {https://eprints.soton.ac.uk/261440/}
}

@inproceedings{Ranjeet:2011,
  author = {Ranjeet, Tirtha and Masek, Martin and Hingston, Philip and Lam, Chiou},
  year = {2011},
  month = {12},
  pages = {331-340},
  title = {The Effects of Diversity Maintenance on Coevolution for an Intransitive Numbers Problem},
  volume = {7106},
  doi = {10.1007/978-3-642-25832-9_34}
}

@inproceedings{Nogueira:2013,
author = {Nogueira, Mariela and Cotta, Carlos and Fernández-Leiva, Antonio},
year = {2013},
month = {01},
pages = {174-188},
title = {An Analysis of Hall-of-Fame Strategies in Competitive Coevolutionary Algorithms for Self-Learning in RTS Games},
volume = {7997},
doi = {10.1007/978-3-642-44973-4_19}
}

@phdthesis{Rosin:1997,
 author = {Rosin, Christopher Darrell and Belew, Richard K.},
 title = {Coevolutionary Search among Adversaries},
 year = {1997},
 publisher = {University of California at San Diego},
 address = {USA}
}

  @article{Blickle:1996,
 author = {Blickle, Tobias and Thiele, Lothar},
 title = {A Comparison of Selection Schemes Used in Evolutionary Algorithms},
 year = {1996},
 issue_date = {December 1996},
 publisher = {MIT Press},
 address = {Cambridge, MA, USA},
 volume = {4},
 number = {4},
 issn = {1063-6560},
 url = {https://doi.org/10.1162/evco.1996.4.4.361},
 doi = {10.1162/evco.1996.4.4.361},
 journal = {Evol. Comput.},
 month = dec,
 pages = {361–394},
 numpages = {34},
 keywords = {selection intensity, linear ranking, Selection, genetic algorithms, evolutionary algorithms, diversity, truncation selection, tournament selection}
}

@article{Chong:2009,
author = {Chong, Siang Yew and Tino, Peter and Yao, Xin},
year = {2009},
month = {10},
pages = {214 - 232},
title = {Relationship Between Generalization and Diversity in Coevolutionary Learning},
volume = {1},
journal = {Computational Intelligence and AI in Games, IEEE Transactions on},
doi = {10.1109/TCIAIG.2009.2034269}
}